@article{4051119,
  author={D. A. {Huffman}},
  journal={Proceedings of the IRE},
  title={A Method for the Construction of Minimum-Redundancy Codes},
  year={1952},
  volume={40},
  number={9},
  pages={1098-1101},
  abstract={An optimum method of coding an ensemble of messages consisting of a finite number of members is developed. A minimum-redundancy code is one constructed in such a way that the average number of coding digits per message is minimized.},
  keywords={Transmitters},
  doi={10.1109/JRPROC.1952.273898},
  ISSN={2162-6634},
  month={Sep.},
}
